@Patent{patent_cadeira_rodas_eletrica,
  Title                    = {Folding wheel chair},
  Nationality              = {US},
  Number                   = {2095411},
  Year                     = {1937},
  Yearfiled                = {---},
  Author                   = {Herbert A Everest And Harry C Jennings},

  Owner                    = {cotrim},
  Timestamp                = {2015.09.09}
}

@Article{artigo_controle_cadeira_eletrica,
  Title                    = {SISTEMA DE CONTROLE E MOTORIZAÇÃO DE CADEIRA DE RODAS},
  Author                   = {ARLEI BARCELOS And JOSÉ NEWTON COELHO GONÇALVES And  MAXSUEL FLORES And WARLLEM BARBOSA},
  Journal                  = {Associação Educacional Dom Bosco},
  Year                     = {2008},

  Owner                    = {cotrim},
  Timestamp                = {2015.09.09}
}

@Book{livro_creating_games,
  Title                    = {Creating Games: Mechanics, Content, and Technology,},
  Author                   = {Morgan McGuire And Odest Chadwicke Jenkins},
  Editor                   = {A K Peters, Ltd.},
  Publisher                = {A K Peters, Ltd.},
  Year                     = {2009},

  Owner                    = {cotrim},
  Timestamp                = {2015.09.09}
}

@Misc{relatorio_sus,
  Title                    = {Relatório número 50 PROCEDIMENTO CADEIRA DE RODAS MOTORIZADA NA TABELA DE ÓRTESES, PRÓTESES E MATERIAIS ESPECIAIS NÃO RELACIONADOS AO ATO CIRÚRGICO DO SUS},
  Author                   = {Comissão Nacional de Incorporação de Tecnologias no SUS CONITEC},
  Year                     = {8 de maio de 2013},
  Note						= {Acessado em 7 de Setembro de 2015 },
  Owner                    = {cotrim},
  Timestamp                = {2015.05.01},
  Url 							= {http://conitec.gov.br/images/Incorporados/CadeiradeRodasMotorizada-final.pdf }
}

@Misc{censo_ibge,
  Title                    = {Censo demográfico},

  Author                   = {IBGE},
  Note                     = {Acessado em 7 de Setembro de 2015},
  Year                     = {2010},

  Owner                    = {cotrim},
  Timestamp                = {2015.05.01},
  Url  						= {http://biblioteca.ibge.gov.br/visualizacao/periodicos/94/cd_2010_religiao_deficiencia.pdf}
}

@Article{artigo_joystick_controller,
  Title                    = {Joystick Control for Powered Mobility: Current State of Technology and Future Directions},
  Author                   = {Brad E. Dicianno And  Rory A. Cooper And John Coltellaro},
  Journal                  = {National Library of Medicine},
  Year                     = {2010},

  Owner                    = {cotrim},
  Timestamp                = {2015.09.09}
}

@Article{article_smartphone,
  Title                    = {Smartphone vs. feature phone arms race heats up; which did you buy?},
  Author                   = {Andrew Nusca},
  Journal                  = {ZDNet},
  Year                     = {2009},

  Owner                    = {cotrim},
  Timestamp                = {2015.09.09}
}
